1701 2979
468 165 750 211 REGNVM
778 168 824 209 V
826 166 1191 218 EGETABILE.
1511 182 1568 227 23

353 276 746 336 CLASSIVM
791 275 1343 356 CHARACTERES.
1515 255 1523 266 ”

76 412 110 453 Ι.
139 409 545 464 MONANDRIA.
575 421 597 450 a
615 406 728 462 μόνος
752 409 927 459 vnicus‚
959 417 1003 452 et
1027 405 1120 463 ἁνῆς
1143 415 1328 458 maritus.

200 486 212 492 κ
304 466 490 507 MarituS
515 466 672 507 vn‘1cus
696 465 741 503 in
774 466 1051 508 matrimonio.
1327 505 1329 507 .

302 519 452 562 Stamen
474 521 617 563 unicum
639 521 676 562 in
694 516 802 571 flore
822 520 1135 579 hernmplzrodito‘.

2 568 4 570 ¹
73 576 130 616 II.
161 577 487 620 DIANDRIA.

309 634 460 676 Mariti
483 635 569 678 duo
591 636 633 677 in
661 632 816 675 eodem
835 634 1049 690 coniugio.

68 695 70 698 ’
305 689 472 731 Stamina
491 691 567 732 duo
588 692 626 732 in
635 688 741 741 flore
760 689 1072 748 hermaphrodiw.

77 744 153 785 ΙΙΙ.
188 745 552 791 TRIANDRIA.

305 803 459 846 Mariti
481 814 570 847 tres
593 804 638 845 in
658 802 812 845 eodem
833 803 1048 857 coniugio.

304 857 468 899 Stnmina
486 860 564 901 tria
588 859 626 900 in
633 854 741 908 flore
762 857 1082 917 hermaphrodito.

75 911 154 960 IV.
185 913 608 960 TETRANDRIA.

307 969 458 1016 Mariti
488 981 670 1026 quatuor
691 973 733 1013 in
756 973 909 1015 eodem
941 974 1157 1030 coniugio.
1181 991 1184 994 ·

304 1024 473 1068 Stamina
493 1039 657 1083 quatuor
673 1029 711 1069 in
733 1029 862 1078 eodem
871 1030 981 1082 flore
1002 1043 1084 1074 cum
1098 1031 1244 1085 frui'lu.

304 1083 328 1135 (
336 1081 380 1124 Si
398 1082 565 1124 Stamina
590 1099 613 1122 2
628 1085 809 1139 proxima
829 1086 1002 1128 breuiora
1011 1087 1125 1141 sunt,
1156 1091 1350 1144 referatur
1370 1089 1419 1133 ad
1437 1090 1491 1134 CI,
1524 1098 1620 1145 14.)

75 1139 130 1182 V.
166 1137 592 1183 PENTANDRIA.

303 1195 454 1239 Mariti
480 1197 667 1252 quinque
690 1197 734 1238 in
753 1197 907 1241 eodem
932 1202 1145 1257 coniugio.
1198 1252 1200 1255 .

302 1249 469 1293 Stamina
496 1252 658 1308 quinque
679 1252 718 1294 in
739 1251 849 1305 flore
871 1255 1189 1313 hermaphrodito.

73 1309 155 1351 VI.
185 1307 573 1351 HEXANDRIA.
635 1330 638 1334 ·

303 1365 456 1407 Mariti
479 1368 555 1407 sex
576 1364 621 1406 ln
644 1366 796 1410 eodem
830 1370 1044 1425 coniugio.

303 1420 468 1462 Stamina
484 1422 560 1474 fix
581 1421 618 1461 in
639 1420 746 1474 flore
770 1422 1090 1481 hermaphrodito.

303 1475 385 1531 (Si
405 1492 457 1518 ex
477 1477 536 1518 his
551 1475 717 1520 Stamina
748 1496 770 1520 2
797 1481 965 1539 opposita
991 1483 1182 1534 breuiora,
1197 1488 1361 1542 pertinet
1383 1486 1437 1531 ad
1453 1487 1501 1531 (ΣΙ.
1528 1487 1620 1543 15.)

76 1535 176 1576 VII.
207 1533 634 1578 HEPTANDRIA.

303 1591 453 1633 Mariti
484 1593 647 1646 septem
672 1593 715 1633 in
740 1593 894 1636 eodem
931 1597 1145 1653 conIugio,

304 1646 472 1688 Stamina
489 1647 626 1701 septem
645 1646 683 1689 in
697 1647 804 1702 flore
823 1650 950 1693 eodem
971 1666 1052 1695 cum
1069 1653 1221 1708 pistillo.

77 1706 187 1746 VIII
232 1704 614 1746 OCTANDRIA.

303 1760 454 1802 Mariti
478 1760 578 1803 οέὶο
599 1761 645 1802 in
667 1762 820 1807 eodem
853 1764 1037 1809 thalamo
1069 1778 1166 1809 eum
1188 1765 1354 1812 femina.

310 1814 474 1858 Stamina
497 1816 578 1858 030
602 1817 641 1857 in
663 1819 789 1861 eodem
800 1819 909 1871 flore
939 1835 1020 1862 cum
1034 1821 1189 1878 pistillo.

80 1870 152 1912 IX.
182 1871 614 1916 ENNEANDRIA.

306 1930 455 1971 Mariti
481 1936 636 1975 nouem
661 1932 702 1973 in
722 1930 874 1977 eodem
907 1931 1098 1978 thalamo
1127 1949 1224 1981 cum
1248 1935 1420 1982 femma.

307 1985 473 2026 Stamina
493 2001 620 2027 nouem
652 1988 692 2028 in
705 1985 808 2037 flore
820 1987 1127 2046 hermaphrodito.

77 2043 130 2084 X.
160 2044 538 2086 DECANDRIA.

121 2120 126 2124 ’
309 2099 458 2141 Mariti
484 2098 634 2140 decem
658 2101 710 2142 i1s
724 2098 877 2141 eodem
899 2103 1111 2159 coniugIO.

309 2154 473 2196 stamina
492 2154 614 2197 decem
633 2156 671 2196 in
696 2155 804 2208 flore
823 2156 1139 2216 hermaphrodito.

80 2212 153 2253 XI.
184 2212 657 2255 DODECANDRIA.

308 2267 459 2314 Mariti
489 2269 715 2313 duodecim
734 2271 788 2314 ad
813 2272 1095 2315 nouendecim
1121 2276 1162 2317 in
1198 2276 1356 2320 eodem.
1377 2278 1588 2332 coniug‘10.

310 2323 476 2367 Stamina
495 2324 683 2368 duodecim
711 2325 763 2368 ad
787 2328 1067 2371 nouendecim
1091 2330 1128 2370 in
1142 2331 1247 2384 flore
1279 2332 1590 2393 hermaphrodito-

81 2377 178 2420 ΧΠ.
209 2379 587 2424 ICOSANDRIA
608 2384 663 2425 ab
681 2397 793 2423 mom
816 2386 969 2439 viginti
987 2394 1039 2428 et
1063 2382 1165 2440 ἁνιὶς.

310 2437 460 2480 Mariti
486 2439 638 2493 viginti
662 2443 969 2493 communiter,
995 2445 1120 2498 saepe
1143 2446 1300 2498 plures.

312 2491 475 2534 Stamina
507 2500 617 2548 (non
639 2498 945 2551 receptaculo)
970 2498 1112 2550 calycis
1138 2502 1256 2542 lateri
1276 2502 1420 2543 interno
1442 2501 1591 2545 adnata.
1616 2551 1618 2553 ‚
1689 2540 1693 2544 .

83 2546 199 2589 XIII.
232 2548 649 2596 POLYANDRIA.
685 2564 707 2593 a
728 2551 846 2602 πολῠς
874 2562 917 2596 et
938 2550 1037 2606 ἀνὴρ.

307 2604 460 2648 Mariti
483 2609 636 2662 viginti
660 2617 705 2652 et
726 2610 842 2652 vltra
873 2613 917 2653 in
943 2611 1096 2654 eodem
1119 2624 1213 2655 cum
1239 2612 1390 2656 femma
1421 2614 1620 2658 thalamo.

318 2659 484 2707 Stamina
508 2666 788 2720 receptaculo
810 2670 963 2710 inserta
990 2681 1014 2708 α
1037 2682 1088 2711 20
1111 2669 1162 2712 ad
1183 2684 1288 2713 1000
1312 2672 1352 2712 in
1373 2671 1520 2724 eodem,
1541 2687 1623 2714 cum

535 2719 694 2778 pistillo,
701 2719 817 2774 flore.

790 2808 827 2851 B
856 2820 886 2860 4
1334 2814 1458 2858 XIV.
1486 2813 1565 2856 DI.
